@misc{AtlassianAgile,
  author = {Atlassian},
  title = {¿Qué es la metodología ágil?},
  year = {2024},
  url = {https://www.atlassian.com/es/agile},
  note = {Último acceso: 10 de febrero de 2025}
}

@misc{IBMDevOps,
  author       = {IBM Cloud Education},
  title        = {¿Qué es DevOps?},
  year         = {2024},
  url          = {https://www.ibm.com/es-es/topics/devops},
  note         = {Consultado el 10 de febrero de 2025}
}
